@article{jinek2012a,
title={A programmable dual-RNA-guided DNA endonuclease in adaptive bacterial immunity.},
author={Jinek, Martin and Chylinski, Krzysztof and Fonfara, Ines and Hauer, Michael and Doudna, Jennifer A and Charpentier, Emmanuelle},
journal={Science},
volume={337},
number={6096},
pages={816--821},
year={2012}}
    